% This file was created with JabRef 2.10.
% Encoding: Cp1252


@Misc{apple_health,
  Title                    = {Health},

  Author                   = {Apple},

  Timestamp                = {2015.02.19},
  Url                      = {https://www.apple.com/ios/whats-new/health/}
}

@Book{burke1998precision,
  Title                    = {Precision heart rate training},
  Author                   = {Burke, Ed},
  Publisher                = {Human Kinetics},
  Year                     = {1998}
}

@Misc{google_fit_api,
  Title                    = {Google Fit},

  Author                   = {Google Developers},

  Timestamp                = {2015.02.19},
  Url                      = {https://developers.google.com/fit/overview}
}

@Misc{ginger_dot_io,
  Title                    = {Ginger.io},

  Author                   = {Ginger.io},

  Timestamp                = {2015.02.19},
  Url                      = {https://ginger.io/}
}

@Misc{google_fit,
  Title                    = {Google Fit Help},

  Author                   = {Google},

  Timestamp                = {2015.02.19},
  Url                      = {https://support.google.com/fit/?hl=en}
}

@Article{hoeks1993pupillary,
  Title                    = {Pupillary dilation as a measure of attention: A quantitative system analysis},
  Author                   = {Hoeks, Bert and Levelt, Willem JM},
  Journal                  = {Behavior Research Methods, Instruments, \& Computers},
  Year                     = {1993},
  Number                   = {1},
  Pages                    = {16--26},
  Volume                   = {25},

  Publisher                = {Springer}
}

@Misc{misc:patientpowerhovedstaden,
  Title                    = {Patient Empowerment i Region Hovedstaden 2012},

  Author                   = {Region Hovedstaden},
  Year                     = {2012},

  Owner                    = {Praetorian},
  Timestamp                = {2015.02.20},
  Url                      = {http://www.regionh.dk/NR/rdonlyres/8B7AB9DB-8AE1-4CA7-920B-070E1BF44917/0/Patient_empowerment_RegionH.pdf}
}

@Misc{misc:lux,
  Title                    = {Lux},

  Author                   = {http://wikipedia.org},

  Owner                    = {Wikipedia},
  Timestamp                = {2015.02.19},
  Url                      = {http://en.wikipedia.org/wiki/Lux}
}

@Misc{misc:bipolarsundhed,
  Title                    = {Mani og bipolar lidelse},

  Author                   = {Lars Vedel Kessing, Speciall{{\ae}}ge},
  Month                    = {Marts},

  Owner                    = {Praetorian},
  Timestamp                = {2015.02.18},
  Url                      = {https://www.sundhed.dk/borger/sygdomme-a-aa/psyke/sygdomme/mani-og-bipolar-lidelse/mani-og-bipolar-lidelse/}
}

@Misc{ms_health,
  Title                    = {Microsoft Health},

  Author                   = {Microsoft},

  Timestamp                = {2015.02.19},
  Url                      = {http://www.microsoft.com/microsoft-health/en-us}
}

@Misc{ms_health_vault,
  Title                    = {HealthVault},

  Author                   = {Microsoft},

  Timestamp                = {2015.02.19},
  Url                      = {https://www.healthvault.com/dk/en/overview}
}

@Misc{misc:netpsykdepression,
  Author                   = {netpsykiater.dk},

  Owner                    = {Praetorian},
  Timestamp                = {2015.02.18},
  Url                      = {http://www.netpsykiater.dk/Htmsgd/depression.htm}
}

@Misc{misc:netpsykmani,
  Title                    = {Bipolar affektiv sindslidelse, maniodepressiv psykose},

  Author                   = {netpsykiater.dk},

  Owner                    = {Praetorian},
  Timestamp                = {2015.02.18},
  Url                      = {http://www.netpsykiater.dk/Htmsgd/mani.htm}
}

@Misc{misc:netpsykpsykose,
  Author                   = {netpsykiater.dk},

  Owner                    = {Praetorian},
  Timestamp                = {2015.02.18},
  Url                      = {http://www.netpsykiater.dk/Htmsgd/psykose.htm}
}

@Misc{gingerio_mit,
  Title                    = {Mental-health monitoring goes mobile},

  Author                   = {MIT News},

  Timestamp                = {2015.02.19},
  Url                      = {http://newsoffice.mit.edu/2014/mental-health-monitoring-goes-mobile-0716}
}

@Misc{gingerio_dailymail,
  Title                    = {The app that can tell if you're depressed},

  Author                   = {Daily Mail Online},

  Timestamp                = {2015.02.19},
  Url                      = {http://www.dailymail.co.uk/sciencetech/article-2899621/The-seeing-app-tell-depressed-Ginger-analyses-phone-monitor-health.html}
}

@Misc{misc:affektivelidelser,
  Title                    = {Affektive lidelser},

  Author                   = {Rasmus W. Licht, Overl{{\ae}}ge, lektor, PhD, Forskningsafdeling for affektive sygdomme, Psykriatisk Hospital i {\aa}rhus},

  Owner                    = {Praetorian},
  Timestamp                = {2015.02.18},
  Url                      = {http://www.seforeningen.dk/files/articlefiles/Bibliotek/Offentligeartikler/SYMPTOMER-DIAGNOSER/-%20DANSK-Depression%20&%20Manio-depression%20-%20klinisk%20set.pdf}
}

@Misc{misc:janne-rasmussen,
  Author                   = {Janne Vedel Rasmussen},
  Month                    = {2},
  Year                     = {2015},

  Owner                    = {Lasse},
  Timestamp                = {2015.02.19}
}

@Misc{misc:androidsmsread,
  Title                    = {Read SMS Message from Inbox / Sent / Draft in Android},

  Author                   = {Vimal Rughani},
  Month                    = {October},
  Year                     = {2013},

  Owner                    = {Praetorian},
  Timestamp                = {2015.02.09},
  Url                      = {http://pulse7.net/android/read-sms-message-inbox-sent-draft-android/}
}

@InProceedings{6168572,
  Title                    = {Voice analysis for detecting Parkinson's disease using genetic algorithm and KNN classification method},
  Author                   = {Shirvan, R.A. and Tahami, E.},
  Booktitle                = {Biomedical Engineering (ICBME), 2011 18th Iranian Conference of},
  Year                     = {2011},
  Month                    = {Dec},
  Pages                    = {278-283},

  Doi                      = {10.1109/ICBME.2011.6168572},
  Keywords                 = {diseases;feature extraction;genetic algorithms;medical disorders;medical signal detection;medical signal processing;signal classification;speech processing;KNN classification method;Parkinson's disease detection;classification accuracy;data classification;feature extraction;genetic algorithm;optimized feature;patient speech;speech disorders;vocal folds;voice analysis;voice disorders;voice signal;Accuracy;Biological cells;Diseases;Equations;Feature extraction;Genetic algorithms;Speech}
}

@InProceedings{6346375,
  Title                    = {Speech analysis for mood state characterization in bipolar patients},
  Author                   = {Vanello, N. and Guidi, A. and Gentili, C. and Werner, S. and Bertschy, G. and Valenza, G. and Lanata, A. and Scilingo, E.P.},
  Booktitle                = {Engineering in Medicine and Biology Society (EMBC), 2012 Annual International Conference of the IEEE},
  Year                     = {2012},
  Month                    = {Aug},
  Pages                    = {2104-2107},

  Doi                      = {10.1109/EMBC.2012.6346375},
  ISSN                     = {1557-170X},
  Keywords                 = {medical disorders;medical signal processing;speech intelligibility;automatic segmentation;bipolar disorder;depressive episode;electroglottographic signal;euthymic state;hypomanic episode;jitter;mood state characterization;multiparametric approach;physiological signal;pitch change;pitch standard deviation;running speech;spectral matching approach;speech analysis;speech feature estimation;unpredictable behavior;voice analysis;Algorithm design and analysis;Correlation;Databases;Feature extraction;Jitter;Mood;Speech;Affect;Algorithms;Bipolar Disorder;Diagnosis, Computer-Assisted;Female;Humans;Male;Reproducibility of Results;Sensitivity and Specificity;Sound Spectrography;Speech;Speech Production Measurement}
}

@Misc{accelerometer,
  Title                    = {Accelerometer},
  HowPublished             = {\url{http://www.instructables.com/id/Accelerometer-Gyro-Tutorial/step1/The-Accelerometer/}},
  Note                     = {Besøgt: 2015-02-19}
}

@Misc{sound,
  Title                    = {Physics of sound},
  HowPublished             = {\url{http://www.podcomplex.com/guide/physics.html}},
  Note                     = {Besøgt: 2015-02-19}
}

@misc{misc:smartphone,
    title={"What Is a Smartphone?"},
    author={Cassavoy, Liane},
    publisher={about.com},
    Timestamp = {2015.02.20},
    Url = {http://cellphones.about.com/od/glossary/g/smart_defined.htm}
}

@misc{misc:jawboneup3sensors,
    title={"UP3: The world's most advanced tracker"},
    author={Chakravarthy, Jayanth},
    publisher={jawbone.com},
    Timestamp = {2015.02.20},
    Url = {https://jawbone.com/blog/up3-advanced-multi-sensor-technology/}
}
@misc{ms_health_vault_api,
  Title = {HealthVault technical overview},
  Author = {MSDN},
  Timestamp = {2015.02.19},
  Url = {https://msdn.microsoft.com/healthvault/healthvault-overview}
}
}

@misc{selvtillid,
	Title = {Lavt selvværd, lav selvtillid.},
	Author = {Henrik C. P. Krarup},
	Timestamp = {2015.02.20},
	Url = {http://www.psyke.dk/Selvvaerd.html}
}

@misc{koncentration,
	Title = {Koncentrationsbesvær},
	Author = {Sundhedslex},
	Timestamp = {2015.02.20},
	Url = {http://www.sundhedslex.dk/koncentrationsbesvaer.htm}
}
